<?xml version="1.0" encoding="UTF-8"?><collection xmlns="http://www.loc.gov/MARC21/slim"><record><leader>00359nam--2200133-i-4500</leader><controlfield tag="001">000025944</controlfield><controlfield tag="002">20161230</controlfield><controlfield tag="005">20161230201036</controlfield><controlfield tag="008">060222s1000------------r-----000-0-eng-d</controlfield><datafield ind1=" " ind2=" " tag="100"><subfield code="a">Joly, M</subfield></datafield><datafield ind1=" " ind2=" " tag="245"><subfield code="a">A physico-chemical approach to the denaturation of proteins</subfield></datafield><datafield ind1=" " ind2=" " tag="260"><subfield code="a">London, Academic Press, 1965. Ix+350p</subfield></datafield><datafield ind1=" " ind2=" " tag="490"><subfield code="a">Molecular Biology</subfield></datafield><datafield ind1=" " ind2=" " tag="852"><subfield code="a">22459</subfield></datafield></record></collection>